@misc{subject:taa,
  author        = {Calonge Cano, Teodoro and Alonso GonzáLez, Carlos Javier},
  title         = {{Técnicas de Aprendizaje Autómatico}},
  year          = {2016/17},
  publisher     = {E.T.S. Ingeniería Informática de la Universidad de valladolid}
}
